@article{brinkerhoff2013data,
  title={Data assimilation and prognostic whole ice sheet modelling with the variationally derived, higher order, open source, and fully parallel ice sheet model {VarGlaS}},
  author={Brinkerhoff, Douglas John and Johnson, Jesse},
  journal={The Cryosphere},
  volume={7},
  pages={1161},
  year={2013},
  publisher={Copernicus Publications on behalf of the European Geosciences Union (EGU)}
}


@article{macayeal1989large,
  title={Large-scale ice flow over a viscous basal sediment: {T}heory and application to ice stream {B}, {A}ntarctica},
  author={MacAyeal, Douglas R},
  journal={Journal of Geophysical Research: Solid Earth},
  volume={94},
  number={B4},
  pages={4071--4087},
  year={1989},
  publisher={Wiley Online Library}
}


@article{mcrae2016automated,
  title={Automated generation and symbolic manipulation of tensor product finite elements},
  author={McRae, Andrew TT and Bercea, G-T and Mitchell, Lawrence and Ham, David A and Cotter, Colin J},
  journal={SIAM Journal on Scientific Computing},
  volume={38},
  number={5},
  pages={S25--S47},
  year={2016},
  publisher={SIAM}
}


@article{bercea2016structure,
  title={A structure-exploiting numbering algorithm for finite elements on extruded meshes, and its performance evaluation in {F}iredrake},
  author={Bercea, Gheorghe-Teodor and McRae, Andrew TT and Ham, David A and Mitchell, Lawrence and Rathgeber, Florian and Nardi, Luigi and Luporini, Fabio and Kelly, Paul HJ},
  journal={arXiv preprint arXiv:1604.05937},
  year={2016}
}


@book{de2013non,
  title={Non-equilibrium thermodynamics},
  author={De Groot, Sybren Ruurds and Mazur, Peter},
  year={2013},
  publisher={Courier Corporation}
}


@book{logg2012automated,
  title={Automated solution of differential equations by the finite element method: The FEniCS book},
  author={Logg, Anders and Mardal, Kent-Andre and Wells, Garth},
  volume={84},
  year={2012},
  publisher={Springer Science \& Business Media}
}


@article{blatter1995velocity,
  title={Velocity and stress fields in grounded glaciers: a simple algorithm for including deviatoric stress gradients},
  author={Blatter, Heinz},
  journal={Journal of Glaciology},
  volume={41},
  number={138},
  pages={333--344},
  year={1995},
  publisher={Cambridge University Press}
}


@article{pattyn2003new,
  title={A new three-dimensional higher-order thermomechanical ice sheet model: Basic sensitivity, ice stream development, and ice flow across subglacial lakes},
  author={Pattyn, Frank},
  journal={Journal of Geophysical Research: Solid Earth},
  volume={108},
  number={B8},
  year={2003},
  publisher={Wiley Online Library}
}


@article{dukowicz2010consistent,
  title={Consistent approximations and boundary conditions for ice-sheet dynamics from a principle of least action},
  author={Dukowicz, John K and Price, Stephen F and Lipscomb, William H},
  journal={Journal of Glaciology},
  volume={56},
  number={197},
  pages={480--496},
  year={2010},
  publisher={Cambridge University Press}
}


@article{weertman1957sliding,
  title={On the sliding of glaciers},
  author={Weertman, Johannes},
  journal={Journal of glaciology},
  volume={3},
  number={21},
  pages={33--38},
  year={1957},
  publisher={Cambridge University Press}
}


@article{tulaczyk2000basal,
  title={Basal mechanics of ice stream B, West Antarctica: 1. Till mechanics},
  author={Tulaczyk, Slawek and Kamb, W Barclay and Engelhardt, Hermann F},
  journal={Journal of Geophysical Research: Solid Earth},
  volume={105},
  number={B1},
  pages={463--481},
  year={2000},
  publisher={Wiley Online Library}
}


@article{schoof2005effect,
  title={The effect of cavitation on glacier sliding},
  author={Schoof, Christian},
  journal={Proceedings of the Royal Society A: Mathematical, Physical and Engineering Sciences},
  volume={461},
  number={2055},
  pages={609--627},
  year={2005},
  publisher={The Royal Society}
}


@article{budd1979empirical,
  title={Empirical studies of ice sliding},
  author={Budd, WF and Keage, PL and Blundy, NA},
  journal={Journal of glaciology},
  volume={23},
  number={89},
  pages={157--170},
  year={1979},
  publisher={Cambridge University Press}
}
